@inproceedings{serra2016robot,
  title={Robot control for nonprehensile dynamic manipulation tasks},
  author={Serra, Diana},
  booktitle={International Conference on Informatics in Control, Automation and Robotics, Doctoral Consortium},
  pages={3--12},
  year={2016}
}

@article{ruggiero2018nonprehensile,
  title={Nonprehensile dynamic manipulation: A survey},
  author={Ruggiero, Fabio and Lippiello, Vincenzo and Siciliano, Bruno},
  journal={IEEE Robotics and Automation Letters},
  volume={3},
  number={3},
  pages={1711--1718},
  year={2018},
  publisher={IEEE}
}

@article{stuber2019let,
  title={Let's Push Things Forward: A Survey on Robot Pushing},
  author={St{\"u}ber, Jochen and Zito, Claudio and Stolkin, Rustam},
  journal={arXiv preprint arXiv:1905.05138},
  year={2019}
}


@incollection{lynch2003control,
  title={Control of nonprehensile manipulation},
  author={Lynch, Kevin M and Murphey, Todd D},
  booktitle={Control Problems in Robotics},
  pages={39--57},
  year={2003},
  publisher={Springer}
}

@inproceedings{eppner2015planning,
  title={Planning grasp strategies that exploit environmental constraints},
  author={Eppner, Clemens and Brock, Oliver},
  booktitle={2015 IEEE International Conference on Robotics and Automation (ICRA)},
  pages={4947--4952},
  year={2015},
  organization={IEEE}
}

@book{lynch1996nonprehensile,
  title={Nonprehensile robotic manipulation: Controllability and planning},
  author={Lynch, Kevin M},
  year={1996},
  publisher={Citeseer}
}

@inproceedings{dogar2010push,
  title={Push-grasping with dexterous hands: Mechanics and a method},
  author={Dogar, Mehmet and Srinivasa, Siddhartha },
  booktitle={2010 IEEE/RSJ International Conference on Intelligent Robots and Systems},
  pages={2123--2130},
  year={2010},
  organization={IEEE}
}

@inproceedings{king2013pregrasp,
  title={Pregrasp Manipulation as Trajectory Optimization.},
  author={King, Jennifer E and Klingensmith, Matthew and Dellin, Christopher M and Dogar, Mehmet Remzi and Velagapudi, Prasanna and Pollard, Nancy S and Srinivasa, Siddhartha S},
  booktitle={Robotics: Science and Systems},
  year={2013}
}

@inproceedings{zeng2018learning,
  title={Learning synergies between pushing and grasping with self-supervised deep reinforcement learning},
  author={Zeng, Andy and Song, Shuran and Welker, Stefan and Lee, Johnny and Rodriguez, Alberto and Funkhouser, Thomas},
  booktitle={2018 IEEE/RSJ International Conference on Intelligent Robots and Systems (IROS)},
  pages={4238--4245},
  year={2018},
  organization={IEEE}
}

@article{dogar2011framework,
  title={A framework for push-grasping in clutter},
  author={Dogar, Mehmet and Srinivasa, Siddhartha},
  journal={Robotics: Science and systems VII},
  volume={1},
  year={2011},
  publisher={MIT Press Cambridge, MA}
}

@article{sarantopoulos2018human,
  title={Human-inspired robotic grasping of flat objects},
  author={Sarantopoulos, Iason and Doulgeri, Zoe},
  journal={Robotics and autonomous systems},
  volume={108},
  pages={179--191},
  year={2018},
  publisher={Elsevier}
}



@inproceedings{krivic2018online,
  title={Online Adaptation of Robot Pushing Control to Object Properties},
  author={Krivic, Senka and Piater, Justus},
  booktitle={2018 IEEE/RSJ International Conference on Intelligent Robots and Systems (IROS)},
  pages={4614--4621},
  year={2018},
  organization={IEEE}
}

@inproceedings{krivic2016robust,
  title={A robust pushing skill for object delivery between obstacles},
  author={Krivic, Senka and Ugur, Emre and Piater, Justus},
  booktitle={2016 IEEE International Conference on Automation Science and Engineering (CASE)},
  pages={1184--1189},
  year={2016},
  organization={IEEE}
}

@book{leidner2019cognitive,
  title={Cognitive reasoning for compliant robot manipulation},
  author={Leidner, Daniel Sebastian},
  year={2019},
  publisher={Springer}
}

@article{kao1992quasistatic,
  title={Quasistatic manipulation with compliance and sliding},
  author={Kao, Imin and Cutkosky, Mark R},
  journal={The International journal of robotics research},
  volume={11},
  number={1},
  pages={20--40},
  year={1992},
  publisher={Sage Publications Sage CA: Thousand Oaks, CA}
}


@inproceedings{nieuwenhuisen2005path,
  title={Path planning for pushing a disk using compliance},
  author={Nieuwenhuisen, Dennis and van der Stappen, A Frank and Overmars, Mark H},
  booktitle={2005 IEEE/RSJ International Conference on Intelligent Robots and Systems},
  pages={714--720},
  year={2005},
  organization={IEEE}
}

@article{leidner2016knowledge,
  title={Knowledge-enabled parameterization of whole-body control strategies for compliant service robots},
  author={Leidner, Daniel and Dietrich, Alexander and Beetz, Michael and Albu-Sch{\"a}ffer, Alin},
  journal={Autonomous Robots},
  volume={40},
  number={3},
  pages={519--536},
  year={2016},
  publisher={Springer}
}